@Book{knuth:84,
  author = 	 {Thomas H. Cormen, Charles E. Leiserson, R. L. R. C. S.},
  title = 	 {Introduction to Algorithms},
  publisher = 	 {MIT Press},
  year = 	 {2009}
}

@misc{paulo:15,
  title = {Algoritmo de Kruskal},
  author = {Paulo Feofiloff},
  howpublished = {\url{http://www.ime.usp.br/~pf/algoritmos_para_grafos/aulas/kruskal.html}},
  year = {2015},
  note = {Acessado em: Jul. 2015}
}

@misc{p,
  title = {Algoritmo de Kruskal},
  author = {Ime},
  howpublished = {\url{https://pt.wikipedia.org/wiki/Algoritmo_de_Kruskal}},
  year = {2015},
  note = {Acessado em: Jul. 2015}
}

@ONLINE{Doe:2009:Online,
author = {Wikipedia},
title = {Algoritmo de Kruskal {@ONLINE}},
year = {2015},
url = {http://www.ime.usp.br/~pf/algoritmos_para_grafos/aulas/kruskal.html}
}

@ONLINE{geeks:2012,
	author = {GeeksForGeeks},
	title = {Greedy Algorithms | Set 2 (Kruskalâ€™s Minimum Spanning Tree Algorithm)},
	year = {2012},
	url = {http://www.geeksforgeeks.org/greedy-algorithms-set-2-kruskals-minimum-spanning-tree-mst}
}